@misc{dierks2008tls,
  title={The transport layer security (TLS) protocol version 1.2},
  author={Dierks, Tim},
  year={2008}
}

@article{tilkov2010node,
  title={Node. js: Using JavaScript to build high-performance network programs},
  author={Tilkov, Stefan and Vinoski, Steve},
  journal={IEEE Internet Computing},
  volume={14},
  number={6},
  pages={80--83},
  year={2010},
  publisher={IEEE}
}

@book{rai2013socket,
  title={Socket. IO Real-time Web Application Development},
  author={Rai, Rohit},
  year={2013},
  publisher={Packt Publishing Ltd}
}


@article{gluck2013breach,
  title={BREACH: reviving the CRIME attack},
  author={Gluck, Yoel and Harris, Neal and Prado, Angelo},
  journal={Unpublished manuscript},
  year={2013}
}

@article{be2013perfect,
  title={A perfect CRIME? Only TIME will tell},
  author={Be'ery, Tal and Shulman, Amichai},
  journal={Black Hat Europe},
  volume={2013},
  year={2013}
}

@inproceedings{duong2012crime,
  title={The CRIME attack},
  author={Duong, Thai and Rizzo, Juliano},
  booktitle={Presentation at ekoparty Security Conference},
  year={2012}
}

@inproceedings{de2011automatic,
  title={Automatic and precise client-side protection against CSRF attacks},
  author={De Ryck, Philippe and Desmet, Lieven and Joosen, Wouter and Piessens, Frank},
  booktitle={European Symposium on Research in Computer Security},
  pages={100--116},
  year={2011},
  organization={Springer}
}

@misc{norvig2013english,
  title={English letter frequency counts: Mayzner revisited or etaoin srhldcu},
  author={Norvig, Peter},
  year={2013}
}

@misc{deutsch1996deflate,
  title={DEFLATE compressed data format specification version 1.3},
  author={Deutsch, Peter},
  year={1996}
}

@book{daemen2013design,
  title={The design of Rijndael: AES-the advanced encryption standard},
  author={Daemen, Joan and Rijmen, Vincent},
  year={2013},
  publisher={Springer Science \& Business Media}
}

@article{moller2014poodle,
  title={This POODLE bites: exploiting the SSL 3.0 fallback},
  author={M{\"o}ller, Bodo and Duong, Thai and Kotowicz, Krzysztof},
  journal={PDF online},
  year={2014}
}

@book{fisher1938statistical,
  title={Statistical tables for biological, agricultural and medical research},
  author={Fisher, Ronald Aylmer and Yates, Frank},
  year={1938},
  publisher={Longman}
}

@inproceedings{kelsey2002compression,
  title={Compression and information leakage of plaintext},
  author={Kelsey, John},
  booktitle={International Workshop on Fast Software Encryption},
  pages={263--276},
  year={2002},
  organization={Springer}
}

@article{kelley2014secure,
  title={Secure Compression: Theory \& Practice.},
  author={Kelley, James and Tamassia, Roberto},
  journal={IACR Cryptology ePrint Archive},
  volume={2014},
  pages={113},
  year={2014}
}

@inproceedings{alawatugoda2015protecting,
  title={Protecting encrypted cookies from compression side-channel attacks},
  author={Alawatugoda, Janaka and Stebila, Douglas and Boyd, Colin},
  booktitle={International Conference on Financial Cryptography and Data Security},
  pages={86--106},
  year={2015},
  organization={Springer}
}

@misc{mwest2015firstparty,
  title={First-Party-Only Cookies},
  author={M. West},
  year={2015}
}

@misc{facebookbreach,
  title={Preventing a BREACH attack},
  author={Facebook},
  year={2014},
  url={https://www.facebook.com/notes/protect-the-graph/preventing-a-breach-attack/1455331811373632}
}

@misc{gzipusage,
  title={Usage of Gzip Compression for websites},
  author={W3Techs},
  year={2017},
  url={https://w3techs.com/technologies/details/ce-gzipcompression/all/all
}

@misc{biondi2010scapy,
  title={Scapy documentation},
  author={Biondi, Philippe},
  year={2010},
  publisher={Release}
}

@article{mcgrew2005galois,
  title={The Galois/counter mode of operation (GCM)},
  author={McGrew, David and Viega, John},
  journal={NIST Modes Operation Symmetric Key Block Ciphers},
  year={2005}
}

@misc{ruderman2001same,
  title={The same origin policy},
  author={Ruderman, Jesse and others},
  year={2001}
}
